@electronic{tlc,
  author        = "{NYC Taxi \& Limousine Commission, 33 Beaver Street, New York, NY 10004}",
  organization  = "TLC Trip Record Data",
  url           = "https://www1.nyc.gov/site/tlc/about/tlc-trip-record-data.page",
  note          = "Accessed Feb. 05, 2022"
}

@Misc{scipy,
  author =    {Eric Jones and Travis Oliphant and Pearu Peterson and others},
  title =     {{SciPy}: Open source scientific tools for {Python}},
  year =      {2001--},
  url = "http://www.scipy.org/"
}
